@INPROCEEDINGS{crick-et-al_wssspe2,
  author =       {Tom Crick and Benjamin A. Hall and Samin Ishtiaq},
  title =        {{``Can I Implement Your Algorithm?'': A Model for Reproducible Research Software}},
  booktitle =    {{Proceedings of 2nd International Workshop on Sustainable Software for Science: Practice and Experiences (WSSSPE2)}},
  year =         {2014}
}

@INPROCEEDINGS{crick-et-al_recomp2014,
  author =       {Tom Crick and Benjamin A. Hall and Samin Ishtiaq and Kenji Takeda},
  title =        {{``Share and Enjoy'': Publishing Useful (and Usable) Scientific Models}},
  booktitle =    {{Proceedings of 1st International Workshop on Recomputability}},
  year =         {2014}
}

@Article{sandve-et-al:2013,
  author = 	 {{Geir Kjetil} Sandve and Anton Nekrutenko and James Taylor and Eivind Hovig},
  title = 	 {{Ten Simple Rules for Reproducible Computational Research}},
  journal = 	 {{PLoS Computational Biology}},
  year = 	 {2013},
  volume = 	 {9},
  number = 	 {10}
}

@Article{wilson-et-al:2014,
  author = 	 {Greg Wilson and D. A. Aruliah and {C. Titus} Brown and Neil P. {Chue Hong} and Matt Davis and Richard T. Guy and Steven H. D. Haddock and Kathryn D. Huff and Ian M. Mitchell and Mark D. Plumbley and Ben Waugh and Ethan P. White and Paul Wilson},
  title = 	 {{Best Practices for Scientific Computing}},
  journal = 	 {{PLoS Biology}},
  year = 	 {2014},
  volume = 	 {12},
  number = 	 {1}
}

@Article{barnes:2010,
  author = 	 {Nick Barnes},
  title = 	 {Publish your computer code: it is good enough},
  journal = 	 {Nature},
  year = 	 {2010},
  volume = 	 {467},
  number = 	 {753}
}

@article{morin-et-al:2012,
  author =       {Morin, A. and Urban, J. and Adams, P. D. and Foster, I. and Sali, A. and Baker, D. and Sliz, P.}, 
  title =        {{Shining Light into Black Boxes}},
  volume =       {336}, 
  number =       {6078}, 
  pages =        {159--160}, 
  year =         {2012}, 
  journal =      {Science} 
}

@Book{fermat:1637,
  author = 	 {Diophantus},
  title = 	 {{Arithmetica}},
  year = 	 {1637},
  note = 	 {Annotations by Pierre de Fermat}
}

